%YAML 1.1
%TAG !u! tag:unity3d.com,2011:
--- !u!29 &1
OcclusionCullingSettings:
  m_ObjectHideFlags: 0
  serializedVersion: 2
  m_OcclusionBakeSettings:
    smallestOccluder: 5
    smallestHole: 0.25
    backfaceThreshold: 100
  m_SceneGUID: 00000000000000000000000000000000
  m_OcclusionCullingData: {fileID: 0}
--- !u!104 &2
RenderSettings:
  m_ObjectHideFlags: 0
  serializedVersion: 9
  m_Fog: 0
  m_FogColor: {r: 0.5, g: 0.5, b: 0.5, a: 1}
  m_FogMode: 3
  m_FogDensity: 0.01
  m_LinearFogStart: 0
  m_LinearFogEnd: 300
  m_AmbientSkyColor: {r: 0.212, g: 0.227, b: 0.259, a: 1}
  m_AmbientEquatorColor: {r: 0.114, g: 0.125, b: 0.133, a: 1}
  m_AmbientGroundColor: {r: 0.047, g: 0.043, b: 0.035, a: 1}
  m_AmbientIntensity: 1
  m_AmbientMode: 0
  m_SubtractiveShadowColor: {r: 0.42, g: 0.478, b: 0.627, a: 1}
  m_SkyboxMaterial: {fileID: 10304, guid: 0000000000000000f000000000000000, type: 0}
  m_HaloStrength: 0.5
  m_FlareStrength: 1
  m_FlareFadeSpeed: 3
  m_HaloTexture: {fileID: 0}
  m_SpotCookie: {fileID: 10001, guid: 0000000000000000e000000000000000, type: 0}
  m_DefaultReflectionMode: 0
  m_DefaultReflectionResolution: 128
  m_ReflectionBounces: 1
  m_ReflectionIntensity: 1
  m_CustomReflection: {fileID: 0}
  m_Sun: {fileID: 0}
  m_IndirectSpecularColor: {r: 0, g: 0, b: 0, a: 1}
  m_UseRadianceAmbientProbe: 0
--- !u!157 &3
LightmapSettings:
  m_ObjectHideFlags: 0
  serializedVersion: 11
  m_GIWorkflowMode: 1
  m_GISettings:
    serializedVersion: 2
    m_BounceScale: 1
    m_IndirectOutputScale: 1
    m_AlbedoBoost: 1
    m_EnvironmentLightingMode: 0
    m_EnableBakedLightmaps: 1
    m_EnableRealtimeLightmaps: 0
  m_LightmapEditorSettings:
    serializedVersion: 12
    m_Resolution: 2
    m_BakeResolution: 40
    m_AtlasSize: 1024
    m_AO: 0
    m_AOMaxDistance: 1
    m_CompAOExponent: 1
    m_CompAOExponentDirect: 0
    m_ExtractAmbientOcclusion: 0
    m_Padding: 2
    m_LightmapParameters: {fileID: 0}
    m_LightmapsBakeMode: 1
    m_TextureCompression: 1
    m_FinalGather: 0
    m_FinalGatherFiltering: 1
    m_FinalGatherRayCount: 256
    m_ReflectionCompression: 2
    m_MixedBakeMode: 2
    m_BakeBackend: 1
    m_PVRSampling: 1
    m_PVRDirectSampleCount: 32
    m_PVRSampleCount: 512
    m_PVRBounces: 2
    m_PVREnvironmentSampleCount: 256
    m_PVREnvironmentReferencePointCount: 2048
    m_PVRFilteringMode: 1
    m_PVRDenoiserTypeDirect: 1
    m_PVRDenoiserTypeIndirect: 1
    m_PVRDenoiserTypeAO: 1
    m_PVRFilterTypeDirect: 0
    m_PVRFilterTypeIndirect: 0
    m_PVRFilterTypeAO: 0
    m_PVREnvironmentMIS: 1
    m_PVRCulling: 1
    m_PVRFilteringGaussRadiusDirect: 1
    m_PVRFilteringGaussRadiusIndirect: 5
    m_PVRFilteringGaussRadiusAO: 2
    m_PVRFilteringAtrousPositionSigmaDirect: 0.5
    m_PVRFilteringAtrousPositionSigmaIndirect: 2
    m_PVRFilteringAtrousPositionSigmaAO: 1
    m_ExportTrainingData: 0
    m_TrainingDataDestination: TrainingData
    m_LightProbeSampleCountMultiplier: 4
  m_LightingDataAsset: {fileID: 0}
  m_UseShadowmask: 1
--- !u!196 &4
NavMeshSettings:
  serializedVersion: 2
  m_ObjectHideFlags: 0
  m_BuildSettings:
    serializedVersion: 2
    agentTypeID: 0
    agentRadius: 0.5
    agentHeight: 2
    agentSlope: 45
    agentClimb: 0.4
    ledgeDropHeight: 0
    maxJumpAcrossDistance: 0
    minRegionArea: 2
    manualCellSize: 0
    cellSize: 0.16666667
    manualTileSize: 0
    tileSize: 256
    accuratePlacement: 0
    debug:
      m_Flags: 0
  m_NavMeshData: {fileID: 0}
--- !u!1001 &785171713
PrefabInstance:
  m_ObjectHideFlags: 0
  serializedVersion: 2
  m_Modification:
    m_TransformParent: {fileID: 0}
    m_Modifications:
    - target: {fileID: -4216859302048453862, guid: de7ba2ef7a7abfa45b5e72578858d43a,
        type: 3}
      propertyPath: m_LocalPosition.x
      value: 736.7
      objectReference: {fileID: 0}
    - target: {fileID: -4216859302048453862, guid: de7ba2ef7a7abfa45b5e72578858d43a,
        type: 3}
      propertyPath: m_LocalPosition.y
      value: 0
      objectReference: {fileID: 0}
    - target: {fileID: -4216859302048453862, guid: de7ba2ef7a7abfa45b5e72578858d43a,
        type: 3}
      propertyPath: m_LocalPosition.z
      value: 0
      objectReference: {fileID: 0}
    - target: {fileID: -4216859302048453862, guid: de7ba2ef7a7abfa45b5e72578858d43a,
        type: 3}
      propertyPath: m_LocalRotation.x
      value: 0
      objectReference: {fileID: 0}
    - target: {fileID: -4216859302048453862, guid: de7ba2ef7a7abfa45b5e72578858d43a,
        type: 3}
      propertyPath: m_LocalRotation.y
      value: -0
      objectReference: {fileID: 0}
    - target: {fileID: -4216859302048453862, guid: de7ba2ef7a7abfa45b5e72578858d43a,
        type: 3}
      propertyPath: m_LocalRotation.z
      value: -0
      objectReference: {fileID: 0}
    - target: {fileID: -4216859302048453862, guid: de7ba2ef7a7abfa45b5e72578858d43a,
        type: 3}
      propertyPath: m_LocalRotation.w
      value: 1
      objectReference: {fileID: 0}
    - target: {fileID: -4216859302048453862, guid: de7ba2ef7a7abfa45b5e72578858d43a,
        type: 3}
      propertyPath: m_RootOrder
      value: 11
      objectReference: {fileID: 0}
    - target: {fileID: -4216859302048453862, guid: de7ba2ef7a7abfa45b5e72578858d43a,
        type: 3}
      propertyPath: m_LocalEulerAnglesHint.x
      value: 0
      objectReference: {fileID: 0}
    - target: {fileID: -4216859302048453862, guid: de7ba2ef7a7abfa45b5e72578858d43a,
        type: 3}
      propertyPath: m_LocalEulerAnglesHint.y
      value: 0
      objectReference: {fileID: 0}
    - target: {fileID: -4216859302048453862, guid: de7ba2ef7a7abfa45b5e72578858d43a,
        type: 3}
      propertyPath: m_LocalEulerAnglesHint.z
      value: 0
      objectReference: {fileID: 0}
    - target: {fileID: -927199367670048503, guid: de7ba2ef7a7abfa45b5e72578858d43a,
        type: 3}
      propertyPath: m_Name
      value: Planisphere
      objectReference: {fileID: 0}
    m_RemovedComponents: []
  m_SourcePrefab: {fileID: 100100000, guid: de7ba2ef7a7abfa45b5e72578858d43a, type: 3}
--- !u!1001 &819486690
PrefabInstance:
  m_ObjectHideFlags: 0
  serializedVersion: 2
  m_Modification:
    m_TransformParent: {fileID: 0}
    m_Modifications:
    - target: {fileID: -4216859302048453862, guid: 129071e770873e74c933a604d2150e3d,
        type: 3}
      propertyPath: m_LocalPosition.x
      value: 837
      objectReference: {fileID: 0}
    - target: {fileID: -4216859302048453862, guid: 129071e770873e74c933a604d2150e3d,
        type: 3}
      propertyPath: m_LocalPosition.y
      value: 0
      objectReference: {fileID: 0}
    - target: {fileID: -4216859302048453862, guid: 129071e770873e74c933a604d2150e3d,
        type: 3}
      propertyPath: m_LocalPosition.z
      value: 0
      objectReference: {fileID: 0}
    - target: {fileID: -4216859302048453862, guid: 129071e770873e74c933a604d2150e3d,
        type: 3}
      propertyPath: m_LocalRotation.x
      value: 0
      objectReference: {fileID: 0}
    - target: {fileID: -4216859302048453862, guid: 129071e770873e74c933a604d2150e3d,
        type: 3}
      propertyPath: m_LocalRotation.y
      value: 1
      objectReference: {fileID: 0}
    - target: {fileID: -4216859302048453862, guid: 129071e770873e74c933a604d2150e3d,
        type: 3}
      propertyPath: m_LocalRotation.z
      value: 0
      objectReference: {fileID: 0}
    - target: {fileID: -4216859302048453862, guid: 129071e770873e74c933a604d2150e3d,
        type: 3}
      propertyPath: m_LocalRotation.w
      value: 0
      objectReference: {fileID: 0}
    - target: {fileID: -4216859302048453862, guid: 129071e770873e74c933a604d2150e3d,
        type: 3}
      propertyPath: m_RootOrder
      value: 10
      objectReference: {fileID: 0}
    - target: {fileID: -4216859302048453862, guid: 129071e770873e74c933a604d2150e3d,
        type: 3}
      propertyPath: m_LocalEulerAnglesHint.x
      value: 0
      objectReference: {fileID: 0}
    - target: {fileID: -4216859302048453862, guid: 129071e770873e74c933a604d2150e3d,
        type: 3}
      propertyPath: m_LocalEulerAnglesHint.y
      value: 180
      objectReference: {fileID: 0}
    - target: {fileID: -4216859302048453862, guid: 129071e770873e74c933a604d2150e3d,
        type: 3}
      propertyPath: m_LocalEulerAnglesHint.z
      value: 0
      objectReference: {fileID: 0}
    - target: {fileID: -927199367670048503, guid: 129071e770873e74c933a604d2150e3d,
        type: 3}
      propertyPath: m_Name
      value: Planisphere+ecran
      objectReference: {fileID: 0}
    m_RemovedComponents: []
  m_SourcePrefab: {fileID: 100100000, guid: 129071e770873e74c933a604d2150e3d, type: 3}
--- !u!1 &867945105
GameObject:
  m_ObjectHideFlags: 0
  m_CorrespondingSourceObject: {fileID: 0}
  m_PrefabInstance: {fileID: 0}
  m_PrefabAsset: {fileID: 0}
  serializedVersion: 6
  m_Component:
  - component: {fileID: 867945107}
  - component: {fileID: 867945106}
  m_Layer: 0
  m_Name: Directional Light
  m_TagString: Untagged
  m_Icon: {fileID: 0}
  m_NavMeshLayer: 0
  m_StaticEditorFlags: 0
  m_IsActive: 1
--- !u!108 &867945106
Light:
  m_ObjectHideFlags: 0
  m_CorrespondingSourceObject: {fileID: 0}
  m_PrefabInstance: {fileID: 0}
  m_PrefabAsset: {fileID: 0}
  m_GameObject: {fileID: 867945105}
  m_Enabled: 1
  serializedVersion: 10
  m_Type: 1
  m_Shape: 0
  m_Color: {r: 1, g: 0.95686275, b: 0.8392157, a: 1}
  m_Intensity: 1
  m_Range: 10
  m_SpotAngle: 30
  m_InnerSpotAngle: 21.80208
  m_CookieSize: 10
  m_Shadows:
    m_Type: 2
    m_Resolution: -1
    m_CustomResolution: -1
    m_Strength: 1
    m_Bias: 0.05
    m_NormalBias: 0.4
    m_NearPlane: 0.2
    m_CullingMatrixOverride:
      e00: 1
      e01: 0
      e02: 0
      e03: 0
      e10: 0
      e11: 1
      e12: 0
      e13: 0
      e20: 0
      e21: 0
      e22: 1
      e23: 0
      e30: 0
      e31: 0
      e32: 0
      e33: 1
    m_UseCullingMatrixOverride: 0
  m_Cookie: {fileID: 0}
  m_DrawHalo: 0
  m_Flare: {fileID: 0}
  m_RenderMode: 0
  m_CullingMask:
    serializedVersion: 2
    m_Bits: 4294967295
  m_RenderingLayerMask: 1
  m_Lightmapping: 4
  m_LightShadowCasterMode: 0
  m_AreaSize: {x: 1, y: 1}
  m_BounceIntensity: 1
  m_ColorTemperature: 6570
  m_UseColorTemperature: 0
  m_BoundingSphereOverride: {x: 0, y: 0, z: 0, w: 0}
  m_UseBoundingSphereOverride: 0
  m_ShadowRadius: 0
  m_ShadowAngle: 0
--- !u!4 &867945107
Transform:
  m_ObjectHideFlags: 0
  m_CorrespondingSourceObject: {fileID: 0}
  m_PrefabInstance: {fileID: 0}
  m_PrefabAsset: {fileID: 0}
  m_GameObject: {fileID: 867945105}
  m_LocalRotation: {x: 0.40821788, y: -0.23456968, z: 0.10938163, w: 0.8754261}
  m_LocalPosition: {x: 0, y: 3, z: 0}
  m_LocalScale: {x: 1, y: 1, z: 1}
  m_Children: []
  m_Father: {fileID: 0}
  m_RootOrder: 16
  m_LocalEulerAnglesHint: {x: 50, y: -30, z: 0}
--- !u!1 &1431935916
GameObject:
  m_ObjectHideFlags: 0
  m_CorrespondingSourceObject: {fileID: 0}
  m_PrefabInstance: {fileID: 0}
  m_PrefabAsset: {fileID: 0}
  serializedVersion: 6
  m_Component:
  - component: {fileID: 1431935919}
  - component: {fileID: 1431935918}
  - component: {fileID: 1431935917}
  m_Layer: 0
  m_Name: Main Camera
  m_TagString: MainCamera
  m_Icon: {fileID: 0}
  m_NavMeshLayer: 0
  m_StaticEditorFlags: 0
  m_IsActive: 1
--- !u!81 &1431935917
AudioListener:
  m_ObjectHideFlags: 0
  m_CorrespondingSourceObject: {fileID: 0}
  m_PrefabInstance: {fileID: 0}
  m_PrefabAsset: {fileID: 0}
  m_GameObject: {fileID: 1431935916}
  m_Enabled: 1
--- !u!20 &1431935918
Camera:
  m_ObjectHideFlags: 0
  m_CorrespondingSourceObject: {fileID: 0}
  m_PrefabInstance: {fileID: 0}
  m_PrefabAsset: {fileID: 0}
  m_GameObject: {fileID: 1431935916}
  m_Enabled: 1
  serializedVersion: 2
  m_ClearFlags: 1
  m_BackGroundColor: {r: 0.19215687, g: 0.3019608, b: 0.4745098, a: 0}
  m_projectionMatrixMode: 1
  m_GateFitMode: 2
  m_FOVAxisMode: 0
  m_SensorSize: {x: 36, y: 24}
  m_LensShift: {x: 0, y: 0}
  m_FocalLength: 50
  m_NormalizedViewPortRect:
    serializedVersion: 2
    x: 0
    y: 0
    width: 1
    height: 1
  near clip plane: 0.3
  far clip plane: 1000
  field of view: 60
  orthographic: 0
  orthographic size: 5
  m_Depth: -1
  m_CullingMask:
    serializedVersion: 2
    m_Bits: 4294967295
  m_RenderingPath: -1
  m_TargetTexture: {fileID: 0}
  m_TargetDisplay: 0
  m_TargetEye: 3
  m_HDR: 1
  m_AllowMSAA: 1
  m_AllowDynamicResolution: 0
  m_ForceIntoRT: 0
  m_OcclusionCulling: 1
  m_StereoConvergence: 10
  m_StereoSeparation: 0.022
--- !u!4 &1431935919
Transform:
  m_ObjectHideFlags: 0
  m_CorrespondingSourceObject: {fileID: 0}
  m_PrefabInstance: {fileID: 0}
  m_PrefabAsset: {fileID: 0}
  m_GameObject: {fileID: 1431935916}
  m_LocalRotation: {x: 0, y: 0, z: 0, w: 1}
  m_LocalPosition: {x: 0, y: 1, z: -1210}
  m_LocalScale: {x: 1, y: 1, z: 1}
  m_Children: []
  m_Father: {fileID: 0}
  m_RootOrder: 0
  m_LocalEulerAnglesHint: {x: 0, y: 0, z: 0}
--- !u!1001 &1609552847
PrefabInstance:
  m_ObjectHideFlags: 0
  serializedVersion: 2
  m_Modification:
    m_TransformParent: {fileID: 0}
    m_Modifications:
    - target: {fileID: -4216859302048453862, guid: f78ffc3790c8ea642ba1e4d8597cad19,
        type: 3}
      propertyPath: m_LocalPosition.x
      value: 937
      objectReference: {fileID: 0}
    - target: {fileID: -4216859302048453862, guid: f78ffc3790c8ea642ba1e4d8597cad19,
        type: 3}
      propertyPath: m_LocalPosition.y
      value: 0
      objectReference: {fileID: 0}
    - target: {fileID: -4216859302048453862, guid: f78ffc3790c8ea642ba1e4d8597cad19,
        type: 3}
      propertyPath: m_LocalPosition.z
      value: 1.8
      objectReference: {fileID: 0}
    - target: {fileID: -4216859302048453862, guid: f78ffc3790c8ea642ba1e4d8597cad19,
        type: 3}
      propertyPath: m_LocalRotation.x
      value: 0
      objectReference: {fileID: 0}
    - target: {fileID: -4216859302048453862, guid: f78ffc3790c8ea642ba1e4d8597cad19,
        type: 3}
      propertyPath: m_LocalRotation.y
      value: -0
      objectReference: {fileID: 0}
    - target: {fileID: -4216859302048453862, guid: f78ffc3790c8ea642ba1e4d8597cad19,
        type: 3}
      propertyPath: m_LocalRotation.z
      value: -0
      objectReference: {fileID: 0}
    - target: {fileID: -4216859302048453862, guid: f78ffc3790c8ea642ba1e4d8597cad19,
        type: 3}
      propertyPath: m_LocalRotation.w
      value: 1
      objectReference: {fileID: 0}
    - target: {fileID: -4216859302048453862, guid: f78ffc3790c8ea642ba1e4d8597cad19,
        type: 3}
      propertyPath: m_RootOrder
      value: 9
      objectReference: {fileID: 0}
    - target: {fileID: -4216859302048453862, guid: f78ffc3790c8ea642ba1e4d8597cad19,
        type: 3}
      propertyPath: m_LocalEulerAnglesHint.x
      value: 0
      objectReference: {fileID: 0}
    - target: {fileID: -4216859302048453862, guid: f78ffc3790c8ea642ba1e4d8597cad19,
        type: 3}
      propertyPath: m_LocalEulerAnglesHint.y
      value: 0
      objectReference: {fileID: 0}
    - target: {fileID: -4216859302048453862, guid: f78ffc3790c8ea642ba1e4d8597cad19,
        type: 3}
      propertyPath: m_LocalEulerAnglesHint.z
      value: 0
      objectReference: {fileID: 0}
    - target: {fileID: -927199367670048503, guid: f78ffc3790c8ea642ba1e4d8597cad19,
        type: 3}
      propertyPath: m_Name
      value: caisse
      objectReference: {fileID: 0}
    m_RemovedComponents: []
  m_SourcePrefab: {fileID: 100100000, guid: f78ffc3790c8ea642ba1e4d8597cad19, type: 3}
--- !u!1001 &1789392704
PrefabInstance:
  m_ObjectHideFlags: 0
  serializedVersion: 2
  m_Modification:
    m_TransformParent: {fileID: 0}
    m_Modifications:
    - target: {fileID: -4216859302048453862, guid: d767b2ff896fd3143ba3c15936a742a4,
        type: 3}
      propertyPath: m_LocalPosition.x
      value: 683
      objectReference: {fileID: 0}
    - target: {fileID: -4216859302048453862, guid: d767b2ff896fd3143ba3c15936a742a4,
        type: 3}
      propertyPath: m_LocalPosition.y
      value: 0
      objectReference: {fileID: 0}
    - target: {fileID: -4216859302048453862, guid: d767b2ff896fd3143ba3c15936a742a4,
        type: 3}
      propertyPath: m_LocalPosition.z
      value: 0
      objectReference: {fileID: 0}
    - target: {fileID: -4216859302048453862, guid: d767b2ff896fd3143ba3c15936a742a4,
        type: 3}
      propertyPath: m_LocalRotation.x
      value: 0
      objectReference: {fileID: 0}
    - target: {fileID: -4216859302048453862, guid: d767b2ff896fd3143ba3c15936a742a4,
        type: 3}
      propertyPath: m_LocalRotation.y
      value: 0.7071068
      objectReference: {fileID: 0}
    - target: {fileID: -4216859302048453862, guid: d767b2ff896fd3143ba3c15936a742a4,
        type: 3}
      propertyPath: m_LocalRotation.z
      value: 0
      objectReference: {fileID: 0}
    - target: {fileID: -4216859302048453862, guid: d767b2ff896fd3143ba3c15936a742a4,
        type: 3}
      propertyPath: m_LocalRotation.w
      value: 0.7071068
      objectReference: {fileID: 0}
    - target: {fileID: -4216859302048453862, guid: d767b2ff896fd3143ba3c15936a742a4,
        type: 3}
      propertyPath: m_RootOrder
      value: 12
      objectReference: {fileID: 0}
    - target: {fileID: -4216859302048453862, guid: d767b2ff896fd3143ba3c15936a742a4,
        type: 3}
      propertyPath: m_LocalEulerAnglesHint.x
      value: 0
      objectReference: {fileID: 0}
    - target: {fileID: -4216859302048453862, guid: d767b2ff896fd3143ba3c15936a742a4,
        type: 3}
      propertyPath: m_LocalEulerAnglesHint.y
      value: 90
      objectReference: {fileID: 0}
    - target: {fileID: -4216859302048453862, guid: d767b2ff896fd3143ba3c15936a742a4,
        type: 3}
      propertyPath: m_LocalEulerAnglesHint.z
      value: 0
      objectReference: {fileID: 0}
    - target: {fileID: -927199367670048503, guid: d767b2ff896fd3143ba3c15936a742a4,
        type: 3}
      propertyPath: m_Name
      value: medical_caisse
      objectReference: {fileID: 0}
    m_RemovedComponents: []
  m_SourcePrefab: {fileID: 100100000, guid: d767b2ff896fd3143ba3c15936a742a4, type: 3}
--- !u!1001 &42329510798222498
PrefabInstance:
  m_ObjectHideFlags: 0
  serializedVersion: 2
  m_Modification:
    m_TransformParent: {fileID: 0}
    m_Modifications:
    - target: {fileID: 5038638176230675836, guid: 78f9ef76eca72214b88f33ab8fd33846,
        type: 3}
      propertyPath: m_LocalPosition.x
      value: 10.3
      objectReference: {fileID: 0}
    - target: {fileID: 5038638176230675836, guid: 78f9ef76eca72214b88f33ab8fd33846,
        type: 3}
      propertyPath: m_LocalPosition.y
      value: 0
      objectReference: {fileID: 0}
    - target: {fileID: 5038638176230675836, guid: 78f9ef76eca72214b88f33ab8fd33846,
        type: 3}
      propertyPath: m_LocalPosition.z
      value: 0
      objectReference: {fileID: 0}
    - target: {fileID: 5038638176230675836, guid: 78f9ef76eca72214b88f33ab8fd33846,
        type: 3}
      propertyPath: m_LocalRotation.x
      value: 0
      objectReference: {fileID: 0}
    - target: {fileID: 5038638176230675836, guid: 78f9ef76eca72214b88f33ab8fd33846,
        type: 3}
      propertyPath: m_LocalRotation.y
      value: -0
      objectReference: {fileID: 0}
    - target: {fileID: 5038638176230675836, guid: 78f9ef76eca72214b88f33ab8fd33846,
        type: 3}
      propertyPath: m_LocalRotation.z
      value: -0
      objectReference: {fileID: 0}
    - target: {fileID: 5038638176230675836, guid: 78f9ef76eca72214b88f33ab8fd33846,
        type: 3}
      propertyPath: m_LocalRotation.w
      value: 1
      objectReference: {fileID: 0}
    - target: {fileID: 5038638176230675836, guid: 78f9ef76eca72214b88f33ab8fd33846,
        type: 3}
      propertyPath: m_RootOrder
      value: 8
      objectReference: {fileID: 0}
    - target: {fileID: 5038638176230675836, guid: 78f9ef76eca72214b88f33ab8fd33846,
        type: 3}
      propertyPath: m_LocalEulerAnglesHint.x
      value: 0
      objectReference: {fileID: 0}
    - target: {fileID: 5038638176230675836, guid: 78f9ef76eca72214b88f33ab8fd33846,
        type: 3}
      propertyPath: m_LocalEulerAnglesHint.y
      value: 0
      objectReference: {fileID: 0}
    - target: {fileID: 5038638176230675836, guid: 78f9ef76eca72214b88f33ab8fd33846,
        type: 3}
      propertyPath: m_LocalEulerAnglesHint.z
      value: 0
      objectReference: {fileID: 0}
    - target: {fileID: 8338290883390957423, guid: 78f9ef76eca72214b88f33ab8fd33846,
        type: 3}
      propertyPath: m_Name
      value: Batterie
      objectReference: {fileID: 0}
    m_RemovedComponents: []
  m_SourcePrefab: {fileID: 100100000, guid: 78f9ef76eca72214b88f33ab8fd33846, type: 3}
--- !u!1001 &133582365376010311
PrefabInstance:
  m_ObjectHideFlags: 0
  serializedVersion: 2
  m_Modification:
    m_TransformParent: {fileID: 0}
    m_Modifications:
    - target: {fileID: 6737802467124713207, guid: f7c4149e3001e8c4c83f5520c2ec4e78,
        type: 3}
      propertyPath: m_LocalPosition.x
      value: -128.6
      objectReference: {fileID: 0}
    - target: {fileID: 6737802467124713207, guid: f7c4149e3001e8c4c83f5520c2ec4e78,
        type: 3}
      propertyPath: m_LocalPosition.y
      value: 9.3316
      objectReference: {fileID: 0}
    - target: {fileID: 6737802467124713207, guid: f7c4149e3001e8c4c83f5520c2ec4e78,
        type: 3}
      propertyPath: m_LocalPosition.z
      value: 6.7606
      objectReference: {fileID: 0}
    - target: {fileID: 6737802467124713207, guid: f7c4149e3001e8c4c83f5520c2ec4e78,
        type: 3}
      propertyPath: m_LocalRotation.x
      value: 0
      objectReference: {fileID: 0}
    - target: {fileID: 6737802467124713207, guid: f7c4149e3001e8c4c83f5520c2ec4e78,
        type: 3}
      propertyPath: m_LocalRotation.y
      value: -0
      objectReference: {fileID: 0}
    - target: {fileID: 6737802467124713207, guid: f7c4149e3001e8c4c83f5520c2ec4e78,
        type: 3}
      propertyPath: m_LocalRotation.z
      value: -0
      objectReference: {fileID: 0}
    - target: {fileID: 6737802467124713207, guid: f7c4149e3001e8c4c83f5520c2ec4e78,
        type: 3}
      propertyPath: m_LocalRotation.w
      value: 1
      objectReference: {fileID: 0}
    - target: {fileID: 6737802467124713207, guid: f7c4149e3001e8c4c83f5520c2ec4e78,
        type: 3}
      propertyPath: m_RootOrder
      value: 1
      objectReference: {fileID: 0}
    - target: {fileID: 6737802467124713207, guid: f7c4149e3001e8c4c83f5520c2ec4e78,
        type: 3}
      propertyPath: m_LocalEulerAnglesHint.x
      value: 0
      objectReference: {fileID: 0}
    - target: {fileID: 6737802467124713207, guid: f7c4149e3001e8c4c83f5520c2ec4e78,
        type: 3}
      propertyPath: m_LocalEulerAnglesHint.y
      value: 0
      objectReference: {fileID: 0}
    - target: {fileID: 6737802467124713207, guid: f7c4149e3001e8c4c83f5520c2ec4e78,
        type: 3}
      propertyPath: m_LocalEulerAnglesHint.z
      value: 0
      objectReference: {fileID: 0}
    - target: {fileID: 7771562030807311588, guid: f7c4149e3001e8c4c83f5520c2ec4e78,
        type: 3}
      propertyPath: m_Name
      value: Drink_cup
      objectReference: {fileID: 0}
    m_RemovedComponents: []
  m_SourcePrefab: {fileID: 100100000, guid: f7c4149e3001e8c4c83f5520c2ec4e78, type: 3}
--- !u!1001 &766727380110862499
PrefabInstance:
  m_ObjectHideFlags: 0
  serializedVersion: 2
  m_Modification:
    m_TransformParent: {fileID: 0}
    m_Modifications:
    - target: {fileID: 5753703338200409275, guid: af7533107d2cc1246a56747642fe4ddd,
        type: 3}
      propertyPath: m_LocalPosition.x
      value: -100.9
      objectReference: {fileID: 0}
    - target: {fileID: 5753703338200409275, guid: af7533107d2cc1246a56747642fe4ddd,
        type: 3}
      propertyPath: m_LocalPosition.y
      value: 0.002243
      objectReference: {fileID: 0}
    - target: {fileID: 5753703338200409275, guid: af7533107d2cc1246a56747642fe4ddd,
        type: 3}
      propertyPath: m_LocalPosition.z
      value: -0.077667
      objectReference: {fileID: 0}
    - target: {fileID: 5753703338200409275, guid: af7533107d2cc1246a56747642fe4ddd,
        type: 3}
      propertyPath: m_LocalRotation.x
      value: 0
      objectReference: {fileID: 0}
    - target: {fileID: 5753703338200409275, guid: af7533107d2cc1246a56747642fe4ddd,
        type: 3}
      propertyPath: m_LocalRotation.y
      value: -0
      objectReference: {fileID: 0}
    - target: {fileID: 5753703338200409275, guid: af7533107d2cc1246a56747642fe4ddd,
        type: 3}
      propertyPath: m_LocalRotation.z
      value: -0
      objectReference: {fileID: 0}
    - target: {fileID: 5753703338200409275, guid: af7533107d2cc1246a56747642fe4ddd,
        type: 3}
      propertyPath: m_LocalRotation.w
      value: 1
      objectReference: {fileID: 0}
    - target: {fileID: 5753703338200409275, guid: af7533107d2cc1246a56747642fe4ddd,
        type: 3}
      propertyPath: m_RootOrder
      value: 3
      objectReference: {fileID: 0}
    - target: {fileID: 5753703338200409275, guid: af7533107d2cc1246a56747642fe4ddd,
        type: 3}
      propertyPath: m_LocalEulerAnglesHint.x
      value: 0
      objectReference: {fileID: 0}
    - target: {fileID: 5753703338200409275, guid: af7533107d2cc1246a56747642fe4ddd,
        type: 3}
      propertyPath: m_LocalEulerAnglesHint.y
      value: 0
      objectReference: {fileID: 0}
    - target: {fileID: 5753703338200409275, guid: af7533107d2cc1246a56747642fe4ddd,
        type: 3}
      propertyPath: m_LocalEulerAnglesHint.z
      value: 0
      objectReference: {fileID: 0}
    - target: {fileID: 8755590773279086248, guid: af7533107d2cc1246a56747642fe4ddd,
        type: 3}
      propertyPath: m_Name
      value: Valve
      objectReference: {fileID: 0}
    m_RemovedComponents: []
  m_SourcePrefab: {fileID: 100100000, guid: af7533107d2cc1246a56747642fe4ddd, type: 3}
--- !u!1001 &969276653702171463
PrefabInstance:
  m_ObjectHideFlags: 0
  serializedVersion: 2
  m_Modification:
    m_TransformParent: {fileID: 0}
    m_Modifications:
    - target: {fileID: 5190745147756105587, guid: ea73c9dcb9461194795d8dda0e3662f7,
        type: 3}
      propertyPath: m_LocalPosition.x
      value: 580
      objectReference: {fileID: 0}
    - target: {fileID: 5190745147756105587, guid: ea73c9dcb9461194795d8dda0e3662f7,
        type: 3}
      propertyPath: m_LocalPosition.y
      value: 30
      objectReference: {fileID: 0}
    - target: {fileID: 5190745147756105587, guid: ea73c9dcb9461194795d8dda0e3662f7,
        type: 3}
      propertyPath: m_LocalPosition.z
      value: 43
      objectReference: {fileID: 0}
    - target: {fileID: 5190745147756105587, guid: ea73c9dcb9461194795d8dda0e3662f7,
        type: 3}
      propertyPath: m_LocalRotation.x
      value: 0
      objectReference: {fileID: 0}
    - target: {fileID: 5190745147756105587, guid: ea73c9dcb9461194795d8dda0e3662f7,
        type: 3}
      propertyPath: m_LocalRotation.y
      value: -0
      objectReference: {fileID: 0}
    - target: {fileID: 5190745147756105587, guid: ea73c9dcb9461194795d8dda0e3662f7,
        type: 3}
      propertyPath: m_LocalRotation.z
      value: -0
      objectReference: {fileID: 0}
    - target: {fileID: 5190745147756105587, guid: ea73c9dcb9461194795d8dda0e3662f7,
        type: 3}
      propertyPath: m_LocalRotation.w
      value: 1
      objectReference: {fileID: 0}
    - target: {fileID: 5190745147756105587, guid: ea73c9dcb9461194795d8dda0e3662f7,
        type: 3}
      propertyPath: m_RootOrder
      value: 13
      objectReference: {fileID: 0}
    - target: {fileID: 5190745147756105587, guid: ea73c9dcb9461194795d8dda0e3662f7,
        type: 3}
      propertyPath: m_LocalEulerAnglesHint.x
      value: 0
      objectReference: {fileID: 0}
    - target: {fileID: 5190745147756105587, guid: ea73c9dcb9461194795d8dda0e3662f7,
        type: 3}
      propertyPath: m_LocalEulerAnglesHint.y
      value: 0
      objectReference: {fileID: 0}
    - target: {fileID: 5190745147756105587, guid: ea73c9dcb9461194795d8dda0e3662f7,
        type: 3}
      propertyPath: m_LocalEulerAnglesHint.z
      value: 0
      objectReference: {fileID: 0}
    - target: {fileID: 9102446567520157024, guid: ea73c9dcb9461194795d8dda0e3662f7,
        type: 3}
      propertyPath: m_Name
      value: Asteroid_small
      objectReference: {fileID: 0}
    m_RemovedComponents: []
  m_SourcePrefab: {fileID: 100100000, guid: ea73c9dcb9461194795d8dda0e3662f7, type: 3}
--- !u!1001 &1323608672191560871
PrefabInstance:
  m_ObjectHideFlags: 0
  serializedVersion: 2
  m_Modification:
    m_TransformParent: {fileID: 0}
    m_Modifications:
    - target: {fileID: 6279376728940649683, guid: 867f187f86dbb2849bfce06ab3c9079c,
        type: 3}
      propertyPath: m_LocalPosition.x
      value: 413
      objectReference: {fileID: 0}
    - target: {fileID: 6279376728940649683, guid: 867f187f86dbb2849bfce06ab3c9079c,
        type: 3}
      propertyPath: m_LocalPosition.y
      value: 51
      objectReference: {fileID: 0}
    - target: {fileID: 6279376728940649683, guid: 867f187f86dbb2849bfce06ab3c9079c,
        type: 3}
      propertyPath: m_LocalPosition.z
      value: 0
      objectReference: {fileID: 0}
    - target: {fileID: 6279376728940649683, guid: 867f187f86dbb2849bfce06ab3c9079c,
        type: 3}
      propertyPath: m_LocalRotation.x
      value: 0
      objectReference: {fileID: 0}
    - target: {fileID: 6279376728940649683, guid: 867f187f86dbb2849bfce06ab3c9079c,
        type: 3}
      propertyPath: m_LocalRotation.y
      value: -0
      objectReference: {fileID: 0}
    - target: {fileID: 6279376728940649683, guid: 867f187f86dbb2849bfce06ab3c9079c,
        type: 3}
      propertyPath: m_LocalRotation.z
      value: -0
      objectReference: {fileID: 0}
    - target: {fileID: 6279376728940649683, guid: 867f187f86dbb2849bfce06ab3c9079c,
        type: 3}
      propertyPath: m_LocalRotation.w
      value: 1
      objectReference: {fileID: 0}
    - target: {fileID: 6279376728940649683, guid: 867f187f86dbb2849bfce06ab3c9079c,
        type: 3}
      propertyPath: m_RootOrder
      value: 14
      objectReference: {fileID: 0}
    - target: {fileID: 6279376728940649683, guid: 867f187f86dbb2849bfce06ab3c9079c,
        type: 3}
      propertyPath: m_LocalEulerAnglesHint.x
      value: 0
      objectReference: {fileID: 0}
    - target: {fileID: 6279376728940649683, guid: 867f187f86dbb2849bfce06ab3c9079c,
        type: 3}
      propertyPath: m_LocalEulerAnglesHint.y
      value: 0
      objectReference: {fileID: 0}
    - target: {fileID: 6279376728940649683, guid: 867f187f86dbb2849bfce06ab3c9079c,
        type: 3}
      propertyPath: m_LocalEulerAnglesHint.z
      value: 0
      objectReference: {fileID: 0}
    - target: {fileID: 7025485699491720896, guid: 867f187f86dbb2849bfce06ab3c9079c,
        type: 3}
      propertyPath: m_Name
      value: Asteroid_mid
      objectReference: {fileID: 0}
    m_RemovedComponents: []
  m_SourcePrefab: {fileID: 100100000, guid: 867f187f86dbb2849bfce06ab3c9079c, type: 3}
--- !u!1001 &1754002954436199587
PrefabInstance:
  m_ObjectHideFlags: 0
  serializedVersion: 2
  m_Modification:
    m_TransformParent: {fileID: 0}
    m_Modifications:
    - target: {fileID: 6714247650100320371, guid: f30f04262edceb04cb8e69b4ca8290cc,
        type: 3}
      propertyPath: m_LocalPosition.x
      value: -51.8
      objectReference: {fileID: 0}
    - target: {fileID: 6714247650100320371, guid: f30f04262edceb04cb8e69b4ca8290cc,
        type: 3}
      propertyPath: m_LocalPosition.y
      value: 0.00042725
      objectReference: {fileID: 0}
    - target: {fileID: 6714247650100320371, guid: f30f04262edceb04cb8e69b4ca8290cc,
        type: 3}
      propertyPath: m_LocalPosition.z
      value: 0.0000038147
      objectReference: {fileID: 0}
    - target: {fileID: 6714247650100320371, guid: f30f04262edceb04cb8e69b4ca8290cc,
        type: 3}
      propertyPath: m_LocalRotation.x
      value: 0
      objectReference: {fileID: 0}
    - target: {fileID: 6714247650100320371, guid: f30f04262edceb04cb8e69b4ca8290cc,
        type: 3}
      propertyPath: m_LocalRotation.y
      value: -0
      objectReference: {fileID: 0}
    - target: {fileID: 6714247650100320371, guid: f30f04262edceb04cb8e69b4ca8290cc,
        type: 3}
      propertyPath: m_LocalRotation.z
      value: -0
      objectReference: {fileID: 0}
    - target: {fileID: 6714247650100320371, guid: f30f04262edceb04cb8e69b4ca8290cc,
        type: 3}
      propertyPath: m_LocalRotation.w
      value: 1
      objectReference: {fileID: 0}
    - target: {fileID: 6714247650100320371, guid: f30f04262edceb04cb8e69b4ca8290cc,
        type: 3}
      propertyPath: m_RootOrder
      value: 5
      objectReference: {fileID: 0}
    - target: {fileID: 6714247650100320371, guid: f30f04262edceb04cb8e69b4ca8290cc,
        type: 3}
      propertyPath: m_LocalEulerAnglesHint.x
      value: 0
      objectReference: {fileID: 0}
    - target: {fileID: 6714247650100320371, guid: f30f04262edceb04cb8e69b4ca8290cc,
        type: 3}
      propertyPath: m_LocalEulerAnglesHint.y
      value: 0
      objectReference: {fileID: 0}
    - target: {fileID: 6714247650100320371, guid: f30f04262edceb04cb8e69b4ca8290cc,
        type: 3}
      propertyPath: m_LocalEulerAnglesHint.z
      value: 0
      objectReference: {fileID: 0}
    - target: {fileID: 7743540930089445984, guid: f30f04262edceb04cb8e69b4ca8290cc,
        type: 3}
      propertyPath: m_Name
      value: Molette
      objectReference: {fileID: 0}
    m_RemovedComponents: []
  m_SourcePrefab: {fileID: 100100000, guid: f30f04262edceb04cb8e69b4ca8290cc, type: 3}
--- !u!1001 &1871353806640224505
PrefabInstance:
  m_ObjectHideFlags: 0
  serializedVersion: 2
  m_Modification:
    m_TransformParent: {fileID: 0}
    m_Modifications:
    - target: {fileID: 6666126319789014282, guid: fb1aa415e022f3d4a8bd1cbd0fef1a77,
        type: 3}
      propertyPath: m_LocalPosition.x
      value: -30
      objectReference: {fileID: 0}
    - target: {fileID: 6666126319789014282, guid: fb1aa415e022f3d4a8bd1cbd0fef1a77,
        type: 3}
      propertyPath: m_LocalPosition.y
      value: -0.022202
      objectReference: {fileID: 0}
    - target: {fileID: 6666126319789014282, guid: fb1aa415e022f3d4a8bd1cbd0fef1a77,
        type: 3}
      propertyPath: m_LocalPosition.z
      value: 0
      objectReference: {fileID: 0}
    - target: {fileID: 6666126319789014282, guid: fb1aa415e022f3d4a8bd1cbd0fef1a77,
        type: 3}
      propertyPath: m_LocalRotation.x
      value: 0
      objectReference: {fileID: 0}
    - target: {fileID: 6666126319789014282, guid: fb1aa415e022f3d4a8bd1cbd0fef1a77,
        type: 3}
      propertyPath: m_LocalRotation.y
      value: -0
      objectReference: {fileID: 0}
    - target: {fileID: 6666126319789014282, guid: fb1aa415e022f3d4a8bd1cbd0fef1a77,
        type: 3}
      propertyPath: m_LocalRotation.z
      value: -0
      objectReference: {fileID: 0}
    - target: {fileID: 6666126319789014282, guid: fb1aa415e022f3d4a8bd1cbd0fef1a77,
        type: 3}
      propertyPath: m_LocalRotation.w
      value: 1
      objectReference: {fileID: 0}
    - target: {fileID: 6666126319789014282, guid: fb1aa415e022f3d4a8bd1cbd0fef1a77,
        type: 3}
      propertyPath: m_RootOrder
      value: 6
      objectReference: {fileID: 0}
    - target: {fileID: 6666126319789014282, guid: fb1aa415e022f3d4a8bd1cbd0fef1a77,
        type: 3}
      propertyPath: m_LocalEulerAnglesHint.x
      value: 0
      objectReference: {fileID: 0}
    - target: {fileID: 6666126319789014282, guid: fb1aa415e022f3d4a8bd1cbd0fef1a77,
        type: 3}
      propertyPath: m_LocalEulerAnglesHint.y
      value: 0
      objectReference: {fileID: 0}
    - target: {fileID: 6666126319789014282, guid: fb1aa415e022f3d4a8bd1cbd0fef1a77,
        type: 3}
      propertyPath: m_LocalEulerAnglesHint.z
      value: 0
      objectReference: {fileID: 0}
    - target: {fileID: 7699342583162539801, guid: fb1aa415e022f3d4a8bd1cbd0fef1a77,
        type: 3}
      propertyPath: m_Name
      value: Levier
      objectReference: {fileID: 0}
    m_RemovedComponents: []
  m_SourcePrefab: {fileID: 100100000, guid: fb1aa415e022f3d4a8bd1cbd0fef1a77, type: 3}
--- !u!1001 &2157510605556139539
PrefabInstance:
  m_ObjectHideFlags: 0
  serializedVersion: 2
  m_Modification:
    m_TransformParent: {fileID: 0}
    m_Modifications:
    - target: {fileID: 6380387602918590563, guid: d9f72c3aa20588a489051244f8b0adb5,
        type: 3}
      propertyPath: m_LocalPosition.x
      value: -9
      objectReference: {fileID: 0}
    - target: {fileID: 6380387602918590563, guid: d9f72c3aa20588a489051244f8b0adb5,
        type: 3}
      propertyPath: m_LocalPosition.y
      value: 0
      objectReference: {fileID: 0}
    - target: {fileID: 6380387602918590563, guid: d9f72c3aa20588a489051244f8b0adb5,
        type: 3}
      propertyPath: m_LocalPosition.z
      value: 0.000011444
      objectReference: {fileID: 0}
    - target: {fileID: 6380387602918590563, guid: d9f72c3aa20588a489051244f8b0adb5,
        type: 3}
      propertyPath: m_LocalRotation.x
      value: 0
      objectReference: {fileID: 0}
    - target: {fileID: 6380387602918590563, guid: d9f72c3aa20588a489051244f8b0adb5,
        type: 3}
      propertyPath: m_LocalRotation.y
      value: -0
      objectReference: {fileID: 0}
    - target: {fileID: 6380387602918590563, guid: d9f72c3aa20588a489051244f8b0adb5,
        type: 3}
      propertyPath: m_LocalRotation.z
      value: -0
      objectReference: {fileID: 0}
    - target: {fileID: 6380387602918590563, guid: d9f72c3aa20588a489051244f8b0adb5,
        type: 3}
      propertyPath: m_LocalRotation.w
      value: 1
      objectReference: {fileID: 0}
    - target: {fileID: 6380387602918590563, guid: d9f72c3aa20588a489051244f8b0adb5,
        type: 3}
      propertyPath: m_RootOrder
      value: 7
      objectReference: {fileID: 0}
    - target: {fileID: 6380387602918590563, guid: d9f72c3aa20588a489051244f8b0adb5,
        type: 3}
      propertyPath: m_LocalEulerAnglesHint.x
      value: 0
      objectReference: {fileID: 0}
    - target: {fileID: 6380387602918590563, guid: d9f72c3aa20588a489051244f8b0adb5,
        type: 3}
      propertyPath: m_LocalEulerAnglesHint.y
      value: 0
      objectReference: {fileID: 0}
    - target: {fileID: 6380387602918590563, guid: d9f72c3aa20588a489051244f8b0adb5,
        type: 3}
      propertyPath: m_LocalEulerAnglesHint.z
      value: 0
      objectReference: {fileID: 0}
    - target: {fileID: 7985138740921252464, guid: d9f72c3aa20588a489051244f8b0adb5,
        type: 3}
      propertyPath: m_Name
      value: Bouton
      objectReference: {fileID: 0}
    m_RemovedComponents: []
  m_SourcePrefab: {fileID: 100100000, guid: d9f72c3aa20588a489051244f8b0adb5, type: 3}
--- !u!1001 &2764963004059950898
PrefabInstance:
  m_ObjectHideFlags: 0
  serializedVersion: 2
  m_Modification:
    m_TransformParent: {fileID: 0}
    m_Modifications:
    - target: {fileID: 6160627583210067894, guid: d516889a39ce4934e820bd586b7a4819,
        type: 3}
      propertyPath: m_Name
      value: Scanner
      objectReference: {fileID: 0}
    - target: {fileID: 7144305488839271845, guid: d516889a39ce4934e820bd586b7a4819,
        type: 3}
      propertyPath: m_LocalPosition.x
      value: -76.1
      objectReference: {fileID: 0}
    - target: {fileID: 7144305488839271845, guid: d516889a39ce4934e820bd586b7a4819,
        type: 3}
      propertyPath: m_LocalPosition.y
      value: -0.028603
      objectReference: {fileID: 0}
    - target: {fileID: 7144305488839271845, guid: d516889a39ce4934e820bd586b7a4819,
        type: 3}
      propertyPath: m_LocalPosition.z
      value: 0.01936
      objectReference: {fileID: 0}
    - target: {fileID: 7144305488839271845, guid: d516889a39ce4934e820bd586b7a4819,
        type: 3}
      propertyPath: m_LocalRotation.x
      value: 0
      objectReference: {fileID: 0}
    - target: {fileID: 7144305488839271845, guid: d516889a39ce4934e820bd586b7a4819,
        type: 3}
      propertyPath: m_LocalRotation.y
      value: -0
      objectReference: {fileID: 0}
    - target: {fileID: 7144305488839271845, guid: d516889a39ce4934e820bd586b7a4819,
        type: 3}
      propertyPath: m_LocalRotation.z
      value: -0
      objectReference: {fileID: 0}
    - target: {fileID: 7144305488839271845, guid: d516889a39ce4934e820bd586b7a4819,
        type: 3}
      propertyPath: m_LocalRotation.w
      value: 1
      objectReference: {fileID: 0}
    - target: {fileID: 7144305488839271845, guid: d516889a39ce4934e820bd586b7a4819,
        type: 3}
      propertyPath: m_RootOrder
      value: 4
      objectReference: {fileID: 0}
    - target: {fileID: 7144305488839271845, guid: d516889a39ce4934e820bd586b7a4819,
        type: 3}
      propertyPath: m_LocalEulerAnglesHint.x
      value: 0
      objectReference: {fileID: 0}
    - target: {fileID: 7144305488839271845, guid: d516889a39ce4934e820bd586b7a4819,
        type: 3}
      propertyPath: m_LocalEulerAnglesHint.y
      value: 0
      objectReference: {fileID: 0}
    - target: {fileID: 7144305488839271845, guid: d516889a39ce4934e820bd586b7a4819,
        type: 3}
      propertyPath: m_LocalEulerAnglesHint.z
      value: 0
      objectReference: {fileID: 0}
    m_RemovedComponents: []
  m_SourcePrefab: {fileID: 100100000, guid: d516889a39ce4934e820bd586b7a4819, type: 3}
--- !u!1001 &5272596813322032330
PrefabInstance:
  m_ObjectHideFlags: 0
  serializedVersion: 2
  m_Modification:
    m_TransformParent: {fileID: 0}
    m_Modifications:
    - target: {fileID: 919389918628861013, guid: 191f2f60b8bae094fbec3c81ec6e54a6,
        type: 3}
      propertyPath: m_LocalPosition.x
      value: -168.1
      objectReference: {fileID: 0}
    - target: {fileID: 919389918628861013, guid: 191f2f60b8bae094fbec3c81ec6e54a6,
        type: 3}
      propertyPath: m_LocalPosition.y
      value: -5.3865
      objectReference: {fileID: 0}
    - target: {fileID: 919389918628861013, guid: 191f2f60b8bae094fbec3c81ec6e54a6,
        type: 3}
      propertyPath: m_LocalPosition.z
      value: 8.5
      objectReference: {fileID: 0}
    - target: {fileID: 919389918628861013, guid: 191f2f60b8bae094fbec3c81ec6e54a6,
        type: 3}
      propertyPath: m_LocalRotation.x
      value: 0
      objectReference: {fileID: 0}
    - target: {fileID: 919389918628861013, guid: 191f2f60b8bae094fbec3c81ec6e54a6,
        type: 3}
      propertyPath: m_LocalRotation.y
      value: -0
      objectReference: {fileID: 0}
    - target: {fileID: 919389918628861013, guid: 191f2f60b8bae094fbec3c81ec6e54a6,
        type: 3}
      propertyPath: m_LocalRotation.z
      value: -0
      objectReference: {fileID: 0}
    - target: {fileID: 919389918628861013, guid: 191f2f60b8bae094fbec3c81ec6e54a6,
        type: 3}
      propertyPath: m_LocalRotation.w
      value: 1
      objectReference: {fileID: 0}
    - target: {fileID: 919389918628861013, guid: 191f2f60b8bae094fbec3c81ec6e54a6,
        type: 3}
      propertyPath: m_RootOrder
      value: 2
      objectReference: {fileID: 0}
    - target: {fileID: 919389918628861013, guid: 191f2f60b8bae094fbec3c81ec6e54a6,
        type: 3}
      propertyPath: m_LocalEulerAnglesHint.x
      value: 0
      objectReference: {fileID: 0}
    - target: {fileID: 919389918628861013, guid: 191f2f60b8bae094fbec3c81ec6e54a6,
        type: 3}
      propertyPath: m_LocalEulerAnglesHint.y
      value: 0
      objectReference: {fileID: 0}
    - target: {fileID: 919389918628861013, guid: 191f2f60b8bae094fbec3c81ec6e54a6,
        type: 3}
      propertyPath: m_LocalEulerAnglesHint.z
      value: 0
      objectReference: {fileID: 0}
    - target: {fileID: 4222421082497623622, guid: 191f2f60b8bae094fbec3c81ec6e54a6,
        type: 3}
      propertyPath: m_Name
      value: Bombone
      objectReference: {fileID: 0}
    m_RemovedComponents: []
  m_SourcePrefab: {fileID: 100100000, guid: 191f2f60b8bae094fbec3c81ec6e54a6, type: 3}
--- !u!1001 &8148316761112273171
PrefabInstance:
  m_ObjectHideFlags: 0
  serializedVersion: 2
  m_Modification:
    m_TransformParent: {fileID: 0}
    m_Modifications:
    - target: {fileID: 159121298478992704, guid: 501fde21ce4c0d948ac7fdf8ae86cbec,
        type: 3}
      propertyPath: m_Name
      value: Asteroid_grand
      objectReference: {fileID: 0}
    - target: {fileID: 3771393571715276914, guid: 501fde21ce4c0d948ac7fdf8ae86cbec,
        type: 3}
      propertyPath: m_Materials.Array.data[0]
      value: 
      objectReference: {fileID: 2100000, guid: 25452060fc816a64ab02e6e1eab65896, type: 2}
    - target: {fileID: 3777981475775643475, guid: 501fde21ce4c0d948ac7fdf8ae86cbec,
        type: 3}
      propertyPath: m_LocalPosition.x
      value: 238
      objectReference: {fileID: 0}
    - target: {fileID: 3777981475775643475, guid: 501fde21ce4c0d948ac7fdf8ae86cbec,
        type: 3}
      propertyPath: m_LocalPosition.y
      value: 0
      objectReference: {fileID: 0}
    - target: {fileID: 3777981475775643475, guid: 501fde21ce4c0d948ac7fdf8ae86cbec,
        type: 3}
      propertyPath: m_LocalPosition.z
      value: 0
      objectReference: {fileID: 0}
    - target: {fileID: 3777981475775643475, guid: 501fde21ce4c0d948ac7fdf8ae86cbec,
        type: 3}
      propertyPath: m_LocalRotation.x
      value: 0
      objectReference: {fileID: 0}
    - target: {fileID: 3777981475775643475, guid: 501fde21ce4c0d948ac7fdf8ae86cbec,
        type: 3}
      propertyPath: m_LocalRotation.y
      value: -0
      objectReference: {fileID: 0}
    - target: {fileID: 3777981475775643475, guid: 501fde21ce4c0d948ac7fdf8ae86cbec,
        type: 3}
      propertyPath: m_LocalRotation.z
      value: -0
      objectReference: {fileID: 0}
    - target: {fileID: 3777981475775643475, guid: 501fde21ce4c0d948ac7fdf8ae86cbec,
        type: 3}
      propertyPath: m_LocalRotation.w
      value: 1
      objectReference: {fileID: 0}
    - target: {fileID: 3777981475775643475, guid: 501fde21ce4c0d948ac7fdf8ae86cbec,
        type: 3}
      propertyPath: m_RootOrder
      value: 15
      objectReference: {fileID: 0}
    - target: {fileID: 3777981475775643475, guid: 501fde21ce4c0d948ac7fdf8ae86cbec,
        type: 3}
      propertyPath: m_LocalEulerAnglesHint.x
      value: 0
      objectReference: {fileID: 0}
    - target: {fileID: 3777981475775643475, guid: 501fde21ce4c0d948ac7fdf8ae86cbec,
        type: 3}
      propertyPath: m_LocalEulerAnglesHint.y
      value: 0
      objectReference: {fileID: 0}
    - target: {fileID: 3777981475775643475, guid: 501fde21ce4c0d948ac7fdf8ae86cbec,
        type: 3}
      propertyPath: m_LocalEulerAnglesHint.z
      value: 0
      objectReference: {fileID: 0}
    m_RemovedComponents: []
  m_SourcePrefab: {fileID: 100100000, guid: 501fde21ce4c0d948ac7fdf8ae86cbec, type: 3}
